
@article{Drujon2014,
  volume = {16},
  shorttitle = {trans-1,2-Disiloxybenzocyclobutene, an adequate partner for the auto-oxidation},
  number = {16},
  journal = {Phys. Chem. Chem. Phys.},
  author = {Drujon, Jean and Rahmani, Raphael and Heran, Virginie and Blanc, Romain and Carissan, Yannick and Tuccio, Beatrice and Commeiras, Laurent and Parrain, Jean-Luc},
  year = {2014},
  pages = {7513--7520}
}

@article{Nava2014a,
  volume = {16},
  shorttitle = {On the ring-opening of substituted cyclobutene to benzocyclobutene},
  language = {en},
  number = {30},
  journal = {Phys. Chem. Chem. Phys.},
  author = {Nava, Paola and Carissan, Yannick},
  year = {2014},
  pages = {16196--16203}
}

@article{Abe2013,
  volume = {113},
  number = {9},
  journal = {Chem. Rev.},
  author = {Abe, Manabu},
  year = {2013},
  pages = {7011--7088}
}

@article{Hsieh2015,
  volume = {54},
  copyright = {{\textcopyright} 2015 {WILEY}-{VCH} Verlag {GmbH} \& Co. {KGaA}, Weinheim},
  shorttitle = {Zethrene and Dibenzozethrene},
  language = {en},
  number = {10},
  journal = {Angew. Chem. Int. Ed.},
  author = {Hsieh, Ya-Chu and Fang, Hau-Yu and Chen, Yi-Ting and Yang, Rong and Yang, Chen-I and Chou, Pi-Tai and Kuo, Ming-Yu and Wu, Yao-Ting},
  year = {2015},
  keywords = {density functional calculations,dimerization,macrocycles,nickel,radicals},
  pages = {3069--3073}
}

@article{Trinquier2015,
  volume = {21},
  copyright = {{\textcopyright} 2015 {WILEY}-{VCH} Verlag {GmbH} \& Co. {KGaA}, Weinheim},
  shorttitle = {Kekul{\'e} versus Lewis},
  language = {en},
  number = {2},
  journal = {Chem. Eur. J.},
  author = {Trinquier, Georges and Malrieu, Jean-Paul},
  year = {2015},
  keywords = {aromaticity,conjugation,density functional calculations,Lewis pairing,polyradicals,spin decontamination},
  pages = {814--828}
}


